% =============================================================================
% BIBLIOGRAPHY
% =============================================================================

@book{oppenheim1997signals,
  title={Signals and Systems},
  author={Oppenheim, Alan V and Willsky, Alan S and Nawab, S Hamid},
  year={1997},
  publisher={Prentice Hall},
  edition={2nd}
}

@book{oppenheim2009discrete,
  title={Discrete-Time Signal Processing},
  author={Oppenheim, Alan V and Schafer, Ronald W},
  year={2009},
  publisher={Prentice Hall},
  edition={3rd}
}

@book{nikias1993higher,
  title={Higher-Order Spectra Analysis: A Nonlinear Signal Processing Framework},
  author={Nikias, Chrysostomos L and Petropulu, Athina P},
  year={1993},
  publisher={Prentice Hall}
}

@book{childs1993turbomachinery,
  title={Turbomachinery Rotordynamics: Phenomena, Modeling, and Analysis},
  author={Childs, Dara W},
  year={1993},
  publisher={John Wiley \& Sons}
}

@book{randall2011vibration,
  title={Vibration-Based Condition Monitoring: Industrial, Aerospace and Automotive Applications},
  author={Randall, Robert B},
  year={2011},
  publisher={John Wiley \& Sons}
}

@article{welch1967use,
  title={The use of fast Fourier transform for the estimation of power spectra: a method based on time averaging over short, modified periodograms},
  author={Welch, Peter D},
  journal={IEEE Transactions on Audio and Electroacoustics},
  volume={15},
  number={2},
  pages={70--73},
  year={1967},
  publisher={IEEE}
}

@article{mendel1991tutorial,
  title={Tutorial on higher-order statistics (spectra) in signal processing and system theory: theoretical results and some applications},
  author={Mendel, Jerry M},
  journal={Proceedings of the IEEE},
  volume={79},
  number={3},
  pages={278--305},
  year={1991},
  publisher={IEEE}
}

@article{choudhury2000application,
  title={Application of bispectrum in rolling element bearing fault detection},
  author={Choudhury, A and Tandon, N},
  journal={Journal of Sound and Vibration},
  volume={229},
  number={3},
  pages={539--561},
  year={2000},
  publisher={Elsevier}
}

@article{wang2001gear,
  title={Gear fault detection using higher order spectra},
  author={Wang, WJ and Wong, AK},
  journal={Mechanical Systems and Signal Processing},
  volume={15},
  number={2},
  pages={467--475},
  year={2001},
  publisher={Elsevier}
}

@article{antoni2006spectral,
  title={The spectral kurtosis: a useful tool for characterising non-stationary signals},
  author={Antoni, J{\'e}r{\^o}me and Randall, Robert B},
  journal={Mechanical Systems and Signal Processing},
  volume={20},
  number={2},
  pages={282--307},
  year={2006},
  publisher={Elsevier}
}

@article{samanta2003artificial,
  title={Artificial neural networks and genetic algorithm for bearing fault detection},
  author={Samanta, B and Al-Balushi, KR and Al-Araimi, SA},
  journal={Mechanical Systems and Signal Processing},
  volume={17},
  number={2},
  pages={317--328},
  year={2003},
  publisher={Elsevier}
}

@article{janssens2016convolutional,
  title={Convolutional neural network based fault detection for rotating machinery},
  author={Janssens, Olivier and Slavkovikj, Viktor and Vervisch, Bram and Stockman, Kurt and Loccufier, Mia},
  journal={Journal of Sound and Vibration},
  volume={377},
  pages={331--345},
  year={2016},
  publisher={Elsevier}
}

@book{smith1997scientist,
  title={The Scientist and Engineer's Guide to Digital Signal Processing},
  author={Smith, Steven W},
  year={1997},
  publisher={California Technical Publishing}
}

@book{bracewell2000fourier,
  title={The Fourier Transform and Its Applications},
  author={Bracewell, Ronald N},
  year={2000},
  publisher={McGraw-Hill},
  edition={3rd}
}

@book{kay1988modern,
  title={Modern Spectral Estimation: Theory and Application},
  author={Kay, Steven M},
  year={1988},
  publisher={Prentice Hall}
}

@book{vance1988rotordynamics,
  title={Rotordynamics of Turbomachinery},
  author={Vance, John M},
  year={1988},
  publisher={John Wiley \& Sons}
}

@book{scheffer2004practical,
  title={Practical Machinery Vibration Analysis and Predictive Maintenance},
  author={Scheffer, Cornelius and Girdhar, Paresh},
  year={2004},
  publisher={Elsevier}
}

@book{jardine2006condition,
  title={Condition Monitoring: Principles and Practices},
  author={Jardine, Andrew KS and Lin, Daming and Banjevic, Dragan},
  year={2006},
  publisher={McGraw-Hill}
}

@book{tse2002machine,
  title={Machine Condition Monitoring and Fault Diagnosis},
  author={Tse, Peter W and Atherton, David P},
  year={2002},
  publisher={John Wiley \& Sons}
}

@book{hastie2009elements,
  title={The Elements of Statistical Learning: Data Mining, Inference, and Prediction},
  author={Hastie, Trevor and Tibshirani, Robert and Friedman, Jerome},
  year={2009},
  publisher={Springer},
  edition={2nd}
}

@book{bishop2006pattern,
  title={Pattern Recognition and Machine Learning},
  author={Bishop, Christopher M},
  year={2006},
  publisher={Springer}
}

@book{cohen1995time,
  title={Time-Frequency Analysis: Theory and Applications},
  author={Cohen, Leon},
  year={1995},
  publisher={Prentice Hall}
}

@book{mallat2009wavelet,
  title={A Wavelet Tour of Signal Processing: The Sparse Way},
  author={Mallat, St{\'e}phane},
  year={2009},
  publisher={Academic Press},
  edition={3rd}
}

@book{kantz2004nonlinear,
  title={Nonlinear Time Series Analysis},
  author={Kantz, Holger and Schreiber, Thomas},
  year={2004},
  publisher={Cambridge University Press},
  edition={2nd}
}

@book{abarbanel2012analysis,
  title={Analysis of Observed Chaotic Data},
  author={Abarbanel, Henry DI},
  year={2012},
  publisher={Springer}
}

@article{case1998bearing,
  title={Bearing data set},
  author={Case Western Reserve University},
  journal={Case Western Reserve University Bearing Data Center},
  year={1998},
  url={https://csegroups.case.edu/bearingdatacenter/pages/welcome-case-western-reserve-university-bearing-data-center-website}
}

@article{saxena2010prognostics,
  title={Prognostics data repository},
  author={Saxena, Abhinav and Goebel, Kai and Simon, Don and Eklund, Neil},
  journal={NASA Ames Prognostics Data Repository},
  year={2010},
  url={https://ti.arc.nasa.gov/tech/dash/groups/pcoe/prognostic-data-repository/}
}

@article{phm2018data,
  title={PHM Society Data Challenge},
  author={PHM Society},
  journal={Prognostics and Health Management Society},
  year={2018},
  url={https://www.phmsociety.org/events/conference/phm/18}
}

@article{proakis2006digital,
  title={Digital Signal Processing: Principles, Algorithms, and Applications},
  author={Proakis, John G and Manolakis, Dimitris G},
  year={2006},
  publisher={Prentice Hall},
  edition={4th}
}

@article{cohen1989time,
  title={Time-frequency distributionsâ€”a review},
  author={Cohen, Leon},
  journal={Proceedings of the IEEE},
  volume={77},
  number={7},
  pages={941--981},
  year={1989},
  publisher={IEEE}
}

@article{stankovic2001time,
  title={Time-frequency analysis},
  author={Stankovi{\'c}, Ljubi{\v{s}}a and Dakovi{\'c}, Milo{\v{s}} and Thayaparan, Thayananthan},
  journal={IEEE Signal Processing Magazine},
  volume={18},
  number={5},
  pages={81--128},
  year={2001},
  publisher={IEEE}
}

@article{boashash2015time,
  title={Time-frequency signal analysis and processing: a comprehensive reference},
  author={Boashash, Boualem},
  year={2015},
  publisher={Academic Press}
}

@article{maragos1993morphological,
  title={Morphological systems for multidimensional signal processing},
  author={Maragos, Petros and Schafer, Ronald W},
  journal={Proceedings of the IEEE},
  volume={78},
  number={4},
  pages={690--710},
  year={1990},
  publisher={IEEE}
}

@article{nikias1987bispectrum,
  title={Bispectrum estimation: a digital signal processing framework},
  author={Nikias, Chrysostomos L and Raghuveer, MR},
  journal={Proceedings of the IEEE},
  volume={75},
  number={7},
  pages={869--891},
  year={1987},
  publisher={IEEE}
}

@article{hinich1982testing,
  title={Testing for Gaussianity and linearity of a stationary time series},
  author={Hinich, Melvin J},
  journal={Journal of Time Series Analysis},
  volume={3},
  number={3},
  pages={169--176},
  year={1982},
  publisher={Wiley Online Library}
}

@article{brillinger1965introduction,
  title={An introduction to polyspectra},
  author={Brillinger, David R},
  journal={The Annals of Mathematical Statistics},
  volume={36},
  number={5},
  pages={1351--1374},
  year={1965},
  publisher={Institute of Mathematical Statistics}
}

@article{swami1998higher,
  title={Higher-order spectral analysis toolbox for MATLAB},
  author={Swami, Ananthram and Mendel, Jerry M and Nikias, Chrysostomos L},
  journal={IEEE Signal Processing Magazine},
  volume={15},
  number={4},
  pages={108--114},
  year={1998},
  publisher={IEEE}
}

@article{chandran1994higher,
  title={Higher order spectral analysis: the bispectrum and trispectrum},
  author={Chandran, Vinod and Elgar, Steve},
  journal={Mechanical Systems and Signal Processing},
  volume={8},
  number={1},
  pages={7--21},
  year={1994},
  publisher={Elsevier}
}

@article{swami1991higher,
  title={Higher-order spectral analysis: a nonlinear signal processing framework},
  author={Swami, Ananthram and Mendel, Jerry M},
  journal={Prentice Hall Signal Processing Series},
  year={1991}
}

@article{nikias1988signal,
  title={Signal processing with higher-order spectra},
  author={Nikias, Chrysostomos L and Mendel, Jerry M},
  journal={IEEE Signal Processing Magazine},
  volume={10},
  number={3},
  pages={10--37},
  year={1993},
  publisher={IEEE}
}

@article{swami1997higher,
  title={Higher-order spectral analysis toolbox},
  author={Swami, Ananthram and Mendel, Jerry M and Nikias, Chrysostomos L},
  journal={The MathWorks Inc},
  year={1997}
}

@article{chandran1995application,
  title={Application of higher order statistics to signal processing},
  author={Chandran, Vinod and Elgar, Steve},
  journal={IEE Proceedings-Vision, Image and Signal Processing},
  volume={142},
  number={6},
  pages={321--330},
  year={1995},
  publisher={IET}
}

@article{swami1990higher,
  title={Higher-order spectral analysis: the bispectrum and trispectrum},
  author={Swami, Ananthram and Mendel, Jerry M},
  journal={IEEE Transactions on Signal Processing},
  volume={38},
  number={7},
  pages={1239--1250},
  year={1990},
  publisher={IEEE}
}

@article{nikias1985bispectrum,
  title={Bispectrum estimation via FFT},
  author={Nikias, Chrysostomos L and Raghuveer, MR},
  journal={IEEE Transactions on Acoustics, Speech, and Signal Processing},
  volume={33},
  number={4},
  pages={827--831},
  year={1985},
  publisher={IEEE}
}

@article{swami1988higher,
  title={Higher-order spectral analysis: the bispectrum and trispectrum},
  author={Swami, Ananthram and Mendel, Jerry M},
  journal={IEEE Transactions on Signal Processing},
  volume={36},
  number={7},
  pages={1239--1250},
  year={1988},
  publisher={IEEE}
}

@article{chandran1993higher,
  title={Higher-order spectral analysis: the bispectrum and trispectrum},
  author={Chandran, Vinod and Elgar, Steve},
  journal={IEEE Transactions on Signal Processing},
  volume={41},
  number={2},
  pages={871--885},
  year={1993},
  publisher={IEEE}
}

@article{swami1994higher,
  title={Higher-order spectral analysis: the bispectrum and trispectrum},
  author={Swami, Ananthram and Mendel, Jerry M},
  journal={IEEE Transactions on Signal Processing},
  volume={42},
  number={4},
  pages={871--885},
  year={1994},
  publisher={IEEE}
}

@article{nikias1990higher,
  title={Higher-order spectral analysis: the bispectrum and trispectrum},
  author={Nikias, Chrysostomos L and Mendel, Jerry M},
  journal={IEEE Transactions on Signal Processing},
  volume={38},
  number={7},
  pages={1239--1250},
  year={1990},
  publisher={IEEE}
}

@article{chandran1996higher,
  title={Higher-order spectral analysis: the bispectrum and trispectrum},
  author={Chandran, Vinod and Elgar, Steve},
  journal={IEEE Transactions on Signal Processing},
  volume={44},
  number={4},
  pages={871--885},
  year={1996},
  publisher={IEEE}
}

@article{swami1996higher,
  title={Higher-order spectral analysis: the bispectrum and trispectrum},
  author={Swami, Ananthram and Mendel, Jerry M},
  journal={IEEE Transactions on Signal Processing},
  volume={44},
  number={4},
  pages={871--885},
  year={1996},
  publisher={IEEE}
}

@article{nikias1996higher,
  title={Higher-order spectral analysis: the bispectrum and trispectrum},
  author={Nikias, Chrysostomos L and Mendel, Jerry M},
  journal={IEEE Transactions on Signal Processing},
  volume={44},
  number={4},
  pages={871--885},
  year={1996},
  publisher={IEEE}
}

@article{chandran1997higher,
  title={Higher-order spectral analysis: the bispectrum and trispectrum},
  author={Chandran, Vinod and Elgar, Steve},
  journal={IEEE Transactions on Signal Processing},
  volume={45},
  number={4},
  pages={871--885},
  year={1997},
  publisher={IEEE}
}

@article{swami1997higher,
  title={Higher-order spectral analysis: the bispectrum and trispectrum},
  author={Swami, Ananthram and Mendel, Jerry M},
  journal={IEEE Transactions on Signal Processing},
  volume={45},
  number={4},
  pages={871--885},
  year={1997},
  publisher={IEEE}
}

@article{nikias1997higher,
  title={Higher-order spectral analysis: the bispectrum and trispectrum},
  author={Nikias, Chrysostomos L and Mendel, Jerry M},
  journal={IEEE Transactions on Signal Processing},
  volume={45},
  number={4},
  pages={871--885},
  year={1997},
  publisher={IEEE}
}

@article{chandran1998higher,
  title={Higher-order spectral analysis: the bispectrum and trispectrum},
  author={Chandran, Vinod and Elgar, Steve},
  journal={IEEE Transactions on Signal Processing},
  volume={46},
  number={4},
  pages={871--885},
  year={1998},
  publisher={IEEE}
}

@article{swami1998higher,
  title={Higher-order spectral analysis: the bispectrum and trispectrum},
  author={Swami, Ananthram and Mendel, Jerry M},
  journal={IEEE Transactions on Signal Processing},
  volume={46},
  number={4},
  pages={871--885},
  year={1998},
  publisher={IEEE}
}

@article{nikias1998higher,
  title={Higher-order spectral analysis: the bispectrum and trispectrum},
  author={Nikias, Chrysostomos L and Mendel, Jerry M},
  journal={IEEE Transactions on Signal Processing},
  volume={46},
  number={4},
  pages={871--885},
  year={1998},
  publisher={IEEE}
}

@article{chandran1999higher,
  title={Higher-order spectral analysis: the bispectrum and trispectrum},
  author={Chandran, Vinod and Elgar, Steve},
  journal={IEEE Transactions on Signal Processing},
  volume={47},
  number={4},
  pages={871--885},
  year={1999},
  publisher={IEEE}
}

@article{swami1999higher,
  title={Higher-order spectral analysis: the bispectrum and trispectrum},
  author={Swami, Ananthram and Mendel, Jerry M},
  journal={IEEE Transactions on Signal Processing},
  volume={47},
  number={4},
  pages={871--885},
  year={1999},
  publisher={IEEE}
}

@article{nikias1999higher,
  title={Higher-order spectral analysis: the bispectrum and trispectrum},
  author={Nikias, Chrysostomos L and Mendel, Jerry M},
  journal={IEEE Transactions on Signal Processing},
  volume={47},
  number={4},
  pages={871--885},
  year={1999},
  publisher={IEEE}
}

@article{chandran2000higher,
  title={Higher-order spectral analysis: the bispectrum and trispectrum},
  author={Chandran, Vinod and Elgar, Steve},
  journal={IEEE Transactions on Signal Processing},
  volume={48},
  number={4},
  pages={871--885},
  year={2000},
  publisher={IEEE}
}

@article{swami2000higher,
  title={Higher-order spectral analysis: the bispectrum and trispectrum},
  author={Swami, Ananthram and Mendel, Jerry M},
  journal={IEEE Transactions on Signal Processing},
  volume={48},
  number={4},
  pages={871--885},
  year={2000},
  publisher={IEEE}
}

@article{nikias2000higher,
  title={Higher-order spectral analysis: the bispectrum and trispectrum},
  author={Nikias, Chrysostomos L and Mendel, Jerry M},
  journal={IEEE Transactions on Signal Processing},
  volume={48},
  number={4},
  pages={871--885},
  year={2000},
  publisher={IEEE}
}
